
@misc{eurostat2024,
	title = {EU Statistics on Income and Living Conditions microdata, 2024 release, data covering years 2004-2023},
	author = {{Eurostat}},
	year = {2024},
	date = {2024},
	publisher = {Eurostat},
	doi = {10.2907/EUSILC2004-2023},
	url = {https://ec.europa.eu/eurostat/documents/203647/20298610/EUSILC_DOI_2024_release_1.pdf},
	langid = {en}
}
